<?xml version="1.0" encoding="UTF-8"?><collection xmlns="http://www.loc.gov/MARC21/slim"><record><leader>00530nam--2200193-u-4500</leader><controlfield tag="001">000053371</controlfield><controlfield tag="002">20161230</controlfield><controlfield tag="005">20161230201051</controlfield><controlfield tag="008">110317s1000------------r-----000-0-eng-d</controlfield><datafield ind1=" " ind2=" " tag="020"><subfield code="a">0124438717</subfield></datafield><datafield ind1=" " ind2=" " tag="040"><subfield code="a">IFIN-HH</subfield></datafield><datafield ind1=" " ind2=" " tag="080"><subfield code="a">53</subfield></datafield><datafield ind1="1" ind2=" " tag="100"><subfield code="a">Leondes, Cornelius T</subfield></datafield><datafield ind1="1" ind2="0" tag="245"><subfield code="a">Fuzzy theory systems</subfield><subfield code="b">Techinques and applications</subfield><subfield code="c">CORNELIUS T. LEONDES (Ed.)</subfield></datafield><datafield ind1=" " ind2=" " tag="260"><subfield code="a">San Diego</subfield><subfield code="b">Academic Press</subfield><subfield code="c">1999</subfield></datafield><datafield ind1=" " ind2=" " tag="300"><subfield code="a">4 VOL.M</subfield></datafield><datafield ind1="1" ind2=" " tag="787"><subfield code="a">Volume 4</subfield><subfield code="h">/1436P./ 1777p</subfield></datafield><datafield ind1=" " ind2=" " tag="852"><subfield code="a">81448</subfield><subfield code="c">53.02</subfield></datafield><datafield ind1=" " ind2=" " tag="CAT"><subfield code="a">Sys</subfield><subfield code="c">20130813</subfield><subfield code="h">153500</subfield></datafield></record></collection>